<marcxml:record xmlns:marcxml="http://www.loc.gov/MARC21/slim" xmlns:mets="http://www.loc.gov/METS/" xmlns:bf="http://id.loc.gov/ontologies/bibframe/" xmlns:bflc="http://id.loc.gov/ontologies/bflc/" xmlns:madsrdf="http://www.loc.gov/mads/rdf/v1#" xmlns:rdf="http://www.w3.org/1999/02/22-rdf-syntax-ns#" xmlns:ri="http://id.loc.gov/ontologies/RecordInfo#" xmlns:idx="info:lc/xq-modules/lcindex" xmlns:semtriples="http://marklogic.com/semantic" xmlns:xsi="http://www.w3.org/2001/XMLSchema-instance" xmlns:xlink="http://www.w3.org/1999/xlink" xmlns:streams="info:lc/streams#">
  <marcxml:leader>03212cam a2200505 i 4500</marcxml:leader>
  <marcxml:controlfield tag="001">20829959</marcxml:controlfield>
  <marcxml:controlfield tag="005">20200709094148.0</marcxml:controlfield>
  <marcxml:controlfield tag="008">190130s2019    nyu    j      000 1 eng d</marcxml:controlfield>
  <marcxml:datafield tag="906" ind1=" " ind2=" ">
    <marcxml:subfield code="a">7</marcxml:subfield>
    <marcxml:subfield code="b">cbc</marcxml:subfield>
    <marcxml:subfield code="c">copycat</marcxml:subfield>
    <marcxml:subfield code="d">2</marcxml:subfield>
    <marcxml:subfield code="e">ncip</marcxml:subfield>
    <marcxml:subfield code="f">20</marcxml:subfield>
    <marcxml:subfield code="g">y-gencatlg</marcxml:subfield>
  </marcxml:datafield>
  <marcxml:datafield tag="925" ind1="0" ind2=" ">
    <marcxml:subfield code="a">acquire</marcxml:subfield>
    <marcxml:subfield code="b">1 shelf copy</marcxml:subfield>
    <marcxml:subfield code="x">policy default</marcxml:subfield>
  </marcxml:datafield>
  <marcxml:datafield tag="955" ind1=" " ind2=" ">
    <marcxml:subfield code="b">xk12 2019-12-11 z-processor</marcxml:subfield>
    <marcxml:subfield code="i">xk12 2020-01-10 (telework) c. 1 to CALM</marcxml:subfield>
    <marcxml:subfield code="u">xk05 2020-07-09 (telework) rev.</marcxml:subfield>
  </marcxml:datafield>
  <marcxml:datafield tag="955" ind1=" " ind2=" ">
    <marcxml:subfield code="a">pc28 2019-01-30</marcxml:subfield>
    <marcxml:subfield code="a">xn11 2019-10-18 1 copy rec'd., to USPRLL</marcxml:subfield>
  </marcxml:datafield>
  <marcxml:datafield tag="010" ind1=" " ind2=" ">
    <marcxml:subfield code="a">  2019932659</marcxml:subfield>
  </marcxml:datafield>
  <marcxml:datafield tag="020" ind1=" " ind2=" ">
    <marcxml:subfield code="a">0062877526</marcxml:subfield>
    <marcxml:subfield code="q">(hardcover)</marcxml:subfield>
  </marcxml:datafield>
  <marcxml:datafield tag="020" ind1=" " ind2=" ">
    <marcxml:subfield code="a">9780062877529</marcxml:subfield>
    <marcxml:subfield code="q">(hardcover)</marcxml:subfield>
  </marcxml:datafield>
  <marcxml:datafield tag="035" ind1=" " ind2=" ">
    <marcxml:subfield code="a">(OCoLC)on1052529600</marcxml:subfield>
  </marcxml:datafield>
  <marcxml:datafield tag="040" ind1=" " ind2=" ">
    <marcxml:subfield code="a">YDX</marcxml:subfield>
    <marcxml:subfield code="b">eng</marcxml:subfield>
    <marcxml:subfield code="c">YDX</marcxml:subfield>
    <marcxml:subfield code="e">rda</marcxml:subfield>
    <marcxml:subfield code="d">OCLCQ</marcxml:subfield>
    <marcxml:subfield code="d">BYV</marcxml:subfield>
    <marcxml:subfield code="d">ZQP</marcxml:subfield>
    <marcxml:subfield code="d">JQM</marcxml:subfield>
    <marcxml:subfield code="d">JTH</marcxml:subfield>
    <marcxml:subfield code="d">CLE</marcxml:subfield>
    <marcxml:subfield code="d">HQD</marcxml:subfield>
    <marcxml:subfield code="d">ZGR</marcxml:subfield>
    <marcxml:subfield code="d">OCLCF</marcxml:subfield>
    <marcxml:subfield code="d">ILC</marcxml:subfield>
    <marcxml:subfield code="d">OCLCO</marcxml:subfield>
    <marcxml:subfield code="d">EHH</marcxml:subfield>
    <marcxml:subfield code="d">ANK</marcxml:subfield>
    <marcxml:subfield code="d">BDX</marcxml:subfield>
    <marcxml:subfield code="d">CHILD</marcxml:subfield>
    <marcxml:subfield code="d">DLC</marcxml:subfield>
    <marcxml:subfield code="d">DLC</marcxml:subfield>
  </marcxml:datafield>
  <marcxml:datafield tag="042" ind1=" " ind2=" ">
    <marcxml:subfield code="a">lccopycat</marcxml:subfield>
  </marcxml:datafield>
  <marcxml:datafield tag="050" ind1="0" ind2="0">
    <marcxml:subfield code="a">PZ7.1.S74439</marcxml:subfield>
    <marcxml:subfield code="b">Ex 2019</marcxml:subfield>
  </marcxml:datafield>
  <marcxml:datafield tag="082" ind1="0" ind2="4">
    <marcxml:subfield code="a">[Fic]</marcxml:subfield>
    <marcxml:subfield code="2">23</marcxml:subfield>
  </marcxml:datafield>
  <marcxml:datafield tag="100" ind1="1" ind2=" ">
    <marcxml:subfield code="a">Steven, Laura,</marcxml:subfield>
    <marcxml:subfield code="e">author.</marcxml:subfield>
  </marcxml:datafield>
  <marcxml:datafield tag="245" ind1="1" ind2="4">
    <marcxml:subfield code="a">The exact opposite of okay /</marcxml:subfield>
    <marcxml:subfield code="c">Laura Steven.</marcxml:subfield>
  </marcxml:datafield>
  <marcxml:datafield tag="250" ind1=" " ind2=" ">
    <marcxml:subfield code="a">First Edition</marcxml:subfield>
  </marcxml:datafield>
  <marcxml:datafield tag="264" ind1=" " ind2="1">
    <marcxml:subfield code="a">New York, NY :</marcxml:subfield>
    <marcxml:subfield code="b">HarperTeen, an imprint of HarperCollinsPublishers,</marcxml:subfield>
    <marcxml:subfield code="c">[2019]</marcxml:subfield>
  </marcxml:datafield>
  <marcxml:datafield tag="300" ind1=" " ind2=" ">
    <marcxml:subfield code="a">343 pages ;</marcxml:subfield>
    <marcxml:subfield code="c">22 cm</marcxml:subfield>
  </marcxml:datafield>
  <marcxml:datafield tag="336" ind1=" " ind2=" ">
    <marcxml:subfield code="a">text</marcxml:subfield>
    <marcxml:subfield code="b">txt</marcxml:subfield>
    <marcxml:subfield code="2">rdacontent</marcxml:subfield>
  </marcxml:datafield>
  <marcxml:datafield tag="337" ind1=" " ind2=" ">
    <marcxml:subfield code="a">unmediated</marcxml:subfield>
    <marcxml:subfield code="b">n</marcxml:subfield>
    <marcxml:subfield code="2">rdamedia</marcxml:subfield>
  </marcxml:datafield>
  <marcxml:datafield tag="338" ind1=" " ind2=" ">
    <marcxml:subfield code="a">volume</marcxml:subfield>
    <marcxml:subfield code="b">nc</marcxml:subfield>
    <marcxml:subfield code="2">rdacarrier</marcxml:subfield>
  </marcxml:datafield>
  <marcxml:datafield tag="520" ind1=" " ind2=" ">
    <marcxml:subfield code="a">"Eighteen-year-old Izzy O'Neill knows exactly who she is--a loyal friend, an aspiring comedian, and a person who believes that milk shakes and Reese's peanut butter cups are major food groups. But after she's caught in a compromising position with the son of a politician, it seems like everyone around her is eager to give her a new label: slut. Izzy is certain that the whole thing will blow over and she can get back to worrying about how she doesn't reciprocate her best friend Danny's feelings for her and wondering how she is ever going to find a way out of their small town. Only it doesn't. And while she's used to laughing her way out of any situation, as she finds herself first the center of high school gossip and then in the middle of a national scandal, it's hard even for her to find humor in the situation. Izzy may be determined not to let anyone else define who she is, but that proves easier said than done when it seems like everyone has something to say about her" -- Front jacket flap.</marcxml:subfield>
  </marcxml:datafield>
  <marcxml:datafield tag="520" ind1=" " ind2=" ">
    <marcxml:subfield code="a">After Izzy O'Neill sleeps with Vaughn, the son of a politician, he sends her a dick-pic email and she sends him a nude photo. Now her boobs and va-jay-jay are on show to the world, and she's being slut-shamed. Izzy is used to laughing her way out of any situation, but being in the middle of a national scandal makes it hard even for her to find humor in the situation. -- adapted from perusal of book</marcxml:subfield>
  </marcxml:datafield>
  <marcxml:datafield tag="650" ind1=" " ind2="0">
    <marcxml:subfield code="a">Teenage girls</marcxml:subfield>
    <marcxml:subfield code="v">Fiction.</marcxml:subfield>
  </marcxml:datafield>
  <marcxml:datafield tag="650" ind1=" " ind2="0">
    <marcxml:subfield code="a">High school students</marcxml:subfield>
    <marcxml:subfield code="v">Fiction.</marcxml:subfield>
  </marcxml:datafield>
  <marcxml:datafield tag="650" ind1=" " ind2="0">
    <marcxml:subfield code="a">Scandals</marcxml:subfield>
    <marcxml:subfield code="v">Fiction.</marcxml:subfield>
  </marcxml:datafield>
  <marcxml:datafield tag="650" ind1=" " ind2="0">
    <marcxml:subfield code="a">Female friendship</marcxml:subfield>
    <marcxml:subfield code="v">Fiction.</marcxml:subfield>
  </marcxml:datafield>
  <marcxml:datafield tag="650" ind1=" " ind2="0">
    <marcxml:subfield code="a">Feminism</marcxml:subfield>
    <marcxml:subfield code="v">Juvenile Fiction.</marcxml:subfield>
  </marcxml:datafield>
  <marcxml:datafield tag="650" ind1=" " ind2="0">
    <marcxml:subfield code="a">Gossip</marcxml:subfield>
    <marcxml:subfield code="v">Fiction.</marcxml:subfield>
  </marcxml:datafield>
  <marcxml:datafield tag="650" ind1=" " ind2="0">
    <marcxml:subfield code="a">Cyberbullying</marcxml:subfield>
    <marcxml:subfield code="v">Fiction.</marcxml:subfield>
  </marcxml:datafield>
  <marcxml:datafield tag="650" ind1=" " ind2="0">
    <marcxml:subfield code="a">Young adult fiction.</marcxml:subfield>
  </marcxml:datafield>
  <marcxml:datafield tag="650" ind1=" " ind2="0">
    <marcxml:subfield code="a">Teenagers</marcxml:subfield>
    <marcxml:subfield code="x">Sexual behavior</marcxml:subfield>
    <marcxml:subfield code="v">Fiction.</marcxml:subfield>
  </marcxml:datafield>
  <marcxml:datafield tag="650" ind1=" " ind2="0">
    <marcxml:subfield code="a">Sexting</marcxml:subfield>
    <marcxml:subfield code="v">Fiction.</marcxml:subfield>
  </marcxml:datafield>
  <marcxml:datafield tag="655" ind1=" " ind2="0">
    <marcxml:subfield code="a">Young adult fiction.</marcxml:subfield>
  </marcxml:datafield>
  <marcxml:datafield tag="650" ind1=" " ind2="1">
    <marcxml:subfield code="a">Scandals</marcxml:subfield>
    <marcxml:subfield code="v">Fiction.</marcxml:subfield>
  </marcxml:datafield>
  <marcxml:datafield tag="650" ind1=" " ind2="1">
    <marcxml:subfield code="a">Cyberbullying</marcxml:subfield>
    <marcxml:subfield code="v">Fiction.</marcxml:subfield>
  </marcxml:datafield>
  <marcxml:datafield tag="650" ind1=" " ind2="1">
    <marcxml:subfield code="a">Self-confidence</marcxml:subfield>
    <marcxml:subfield code="v">Fiction.</marcxml:subfield>
  </marcxml:datafield>
  <marcxml:datafield tag="952" ind1=" " ind2=" ">
    <marcxml:subfield code="a">Typo in SH corrected.</marcxml:subfield>
  </marcxml:datafield>
</marcxml:record>
